<record><leader>02042cam a2200541 a 4500</leader><controlfield tag="001">6788482</controlfield><controlfield tag="003">OCoLC</controlfield><controlfield tag="005">20141219100611.4</controlfield><controlfield tag="006">m     o  d        </controlfield><controlfield tag="007">cr cnu---unuuu</controlfield><controlfield tag="008">141024s2015    enk     ob    001 0 eng d</controlfield><datafield ind1=" " ind2=" " tag="020"><subfield code="a">9781317677840</subfield><subfield code="q">electronic bk.</subfield></datafield><datafield ind1=" " ind2=" " tag="020"><subfield code="a">1317677846</subfield><subfield code="q">electronic bk.</subfield></datafield><datafield ind1=" " ind2=" " tag="020"><subfield code="a">132221235X</subfield><subfield code="q">electronic bk.</subfield></datafield><datafield ind1=" " ind2=" " tag="020"><subfield code="a">9781322212357</subfield><subfield code="q">electronic bk.</subfield></datafield><datafield ind1=" " ind2=" " tag="035"><subfield code="a">ocn893652473</subfield></datafield><datafield ind1=" " ind2=" " tag="037"><subfield code="a">873055</subfield><subfield code="b">EBSCO</subfield></datafield><datafield ind1=" " ind2=" " tag="039"><subfield code="a">exclude</subfield></datafield><datafield ind1=" " ind2=" " tag="040"><subfield code="a">CaONFJC</subfield><subfield code="c">CaONFJC</subfield><subfield code="e">rda</subfield><subfield code="d">AEU</subfield></datafield><datafield ind1=" " ind2=" " tag="043"><subfield code="a">a-ch---</subfield></datafield><datafield ind1=" " ind2="4" tag="050"><subfield code="a">DS799.4</subfield></datafield><datafield ind1="0" ind2="4" tag="082"><subfield code="a">951.249</subfield><subfield code="2">22</subfield></datafield><datafield ind1=" " ind2=" " tag="090"><subfield code="a">Internet Access</subfield><subfield code="b">AEU</subfield></datafield><datafield ind1="0" ind2="0" tag="245"><subfield code="a">Comparatizing Taiwan</subfield><subfield code="h">[electronic resource] /</subfield><subfield code="c">edited by Shu-mei Shih and Ping-hui Liao.</subfield></datafield><datafield ind1=" " ind2=" " tag="260"><subfield code="a">Milton Park, Abingdon, Oxon :</subfield><subfield code="b">Routledge/Taylor and Francis,</subfield><subfield code="c">2015.</subfield></datafield><datafield ind1=" " ind2=" " tag="300"><subfield code="a">1 online resource.</subfield></datafield><datafield ind1=" " ind2=" " tag="336"><subfield code="a">text</subfield><subfield code="b">txt</subfield><subfield code="2">rdacontent</subfield></datafield><datafield ind1=" " ind2=" " tag="337"><subfield code="a">computer</subfield><subfield code="b">c</subfield><subfield code="2">rdamedia</subfield></datafield><datafield ind1=" " ind2=" " tag="338"><subfield code="a">online resource</subfield><subfield code="b">cr</subfield><subfield code="2">rdacarrier</subfield></datafield><datafield ind1="1" ind2=" " tag="490"><subfield code="a">Routledge contemporary China series</subfield></datafield><datafield ind1=" " ind2=" " tag="504"><subfield code="a">Includes bibliographical references and index.</subfield></datafield><datafield ind1=" " ind2=" " tag="506"><subfield code="a">Access restricted to authorized users and institutions.</subfield></datafield><datafield ind1=" " ind2=" " tag="588"><subfield code="a">Description based on print version record.</subfield></datafield><datafield ind1=" " ind2=" " tag="596"><subfield code="a">44</subfield></datafield><datafield ind1=" " ind2="0" tag="650"><subfield code="a">Cross-cultural studies.</subfield></datafield><datafield ind1=" " ind2="0" tag="650"><subfield code="a">National characteristics, Taiwan.</subfield></datafield><datafield ind1=" " ind2="0" tag="650"><subfield code="a">Chinese literature</subfield><subfield code="z">Taiwan</subfield><subfield code="x">History and criticism.</subfield></datafield><datafield ind1=" " ind2="0" tag="651"><subfield code="a">Taiwan</subfield><subfield code="x">Civilization.</subfield></datafield><datafield ind1=" " ind2="0" tag="651"><subfield code="a">Taiwan</subfield><subfield code="x">Relations.</subfield></datafield><datafield ind1=" " ind2="0" tag="651"><subfield code="a">Taiwan</subfield><subfield code="x">Intellectual life.</subfield></datafield><datafield ind1=" " ind2="0" tag="651"><subfield code="a">Taiwan</subfield><subfield code="x">Study and teaching.</subfield></datafield><datafield ind1="1" ind2=" " tag="700"><subfield code="a">Shi, Shumei,</subfield><subfield code="d">1961-</subfield></datafield><datafield ind1="1" ind2=" " tag="700"><subfield code="a">Liao, Binghui.</subfield></datafield><datafield ind1=" " ind2="0" tag="830"><subfield code="a">Routledge contemporary China series.</subfield></datafield><datafield ind1="4" ind2="0" tag="856"><subfield code="3">University of Alberta Access</subfield><subfield code="u">http://search.ebscohost.com/login.aspx?direct=true&amp;scope=site&amp;db=nlebk&amp;db=nlabk&amp;AN=873055</subfield><subfield code="x">Perpetual</subfield><subfield code="z">(3 Concurrent Users)</subfield><subfield code="z">from EBSCO</subfield></datafield><datafield ind1=" " ind2=" " tag="949"><subfield code="w">ORDER</subfield><subfield code="h">UAIN</subfield><subfield code="z">PDACOUTTS</subfield></datafield><datafield ind1=" " ind2=" " tag="919"><subfield code="a">cis29918276</subfield></datafield><datafield ind1=" " ind2=" " tag="926"><subfield code="a">Internet Access</subfield><subfield code="w">LC</subfield><subfield code="c">1</subfield><subfield code="i">6788482-1001</subfield><subfield code="l">INTERNET</subfield><subfield code="m">UAINTERNET</subfield><subfield code="r">Y</subfield><subfield code="s">Y</subfield><subfield code="t">E-RESOURCE</subfield><subfield code="u">1/23/2015</subfield><subfield code="x">E-BOOK</subfield><subfield code="z">EBSCOPDAP</subfield></datafield></record>